<?xml version="1.0" encoding="UTF-8"?><collection xmlns="http://www.loc.gov/MARC21/slim"><record><leader>00506nam--2200181-i-4500</leader><controlfield tag="001">000025202</controlfield><controlfield tag="002">20161230</controlfield><controlfield tag="005">20161230201035</controlfield><controlfield tag="008">060222s1000------------r-----000-0-eng-d</controlfield><datafield ind1=" " ind2=" " tag="040"><subfield code="a">IFIN-HH</subfield></datafield><datafield ind1=" " ind2=" " tag="080"><subfield code="a">539.12.1</subfield></datafield><datafield ind1="1" ind2=" " tag="100"><subfield code="a">Ford,Keneth W</subfield></datafield><datafield ind1="1" ind2="0" tag="245"><subfield code="a">The world of elementary particles</subfield><subfield code="c">Keneth w. ford</subfield></datafield><datafield ind1=" " ind2=" " tag="260"><subfield code="a">New York</subfield><subfield code="b">Blaisdell Publishing Company</subfield><subfield code="c">1963</subfield></datafield><datafield ind1=" " ind2=" " tag="300"><subfield code="a">IX + 246 P + 1 PL</subfield></datafield><datafield ind1=" " ind2=" " tag="490"><subfield code="a">A Blaisdell Scientific Paperback</subfield></datafield><datafield ind1=" " ind2=" " tag="852"><subfield code="a">21906</subfield><subfield code="c">539.12</subfield></datafield><datafield ind1=" " ind2=" " tag="CAT"><subfield code="a">Sys</subfield><subfield code="c">20111103</subfield><subfield code="h">155132</subfield></datafield></record></collection>